@misc{virt,
		title="Н.Вирт Алгоритмы и структуры данных",
		year=1989
}

@misc{knut,
		title="Искусство программирования, том 3. Сортировка и поиск",
		year=1973
}
