@misc{task,
	title="Что такое «задача коммивояжёра» [Электронный ресурс]",
	howpublished="Режим доступа: \url{https://thecode.media/komm/} (дата обращения: 5.12.2021)"
}

@misc{evr,
	title="Эвристический алгоритм классификации и его нейросетевая интерпретация [Электронный ресурс]",
	howpublished="Режим доступа: \url{https://cyberleninka.ru/article/n/evristicheskiy-algoritm-klassifikatsii-i-ego-neyrosetevaya-interpretatsiya} (дата обращения: 5.12.2021)"
}

@misc{model,
	title="Задача коммивояжера - метод ветвей и границ",
	howpublished="Режим доступа: \url{http://galyautdinov.ru/post/zadacha-kommivoyazhera} (дата обращения: 5.12.2021)"
}

@misc{ant,
		title="М.В. Ульянов Ресурсно-эффективные компютерные алгоритмы. Разработка и анализ",
		year=2007
}

@misc{alg,
		title="Д. А. Погорелов, А. М. Таразанов Оптимизация классического алгоритма Винограда для перемножения матриц.",
		year=2019
}


@misc{python,
	title="Welcome to Python [Электронный ресурс]",
	howpublished="Режим доступа: \url{https://www.python.org} (дата обращения: 18.10.2021)"
}

@misc{python-time,
	title="time — Time access and conversions [Электронный ресурс]",
	howpublished="Режим доступа: \url{https://docs.python.org/3/library/time.html#functions} (дата обращения: 18.10.2021)"
}

@misc{linux,
	title="Ubuntu 20.04 LTS (Focal Fossa) Beta [Электронный ресурс]",
	howpublished="Режим доступа: \url{http://old-releases.ubuntu.com/releases/20.04.1/} (дата обращения: 18.10.2021)"
}

@misc{amd,
	title="Мобильный процессор AMD Ryzen™ 3 3200U с графикой Radeon™ Vega 3 [Электронный ресурс]",
	howpublished="Режим доступа: \url{https://www.amd.com/ru/products/apu/amd-ryzen-3-3200u} (дата обращения: 18.10.2021)"
}

