@misc{virt,
		title="Н.Вирт Алгоритмы и структуры данных",
		year=1989
}

@misc{model,
		title="М. В. Ульянов Ресурсно-эффективные компьютерные алгоритмы. Разработка и анализ.",
		year=2007
}

@misc{alg,
		title="Д. А. Погорелов, А. М. Таразанов Оптимизация классического алгоритма Винограда для перемножения матриц.",
		year=2019
}


@misc{python,
	title="Welcome to Python [Электронный ресурс]",
	howpublished="Режим доступа: \url{https://www.python.org} (дата обращения: 18.10.2021)"
}

@misc{python-time,
	title="time — Time access and conversions [Электронный ресурс]",
	howpublished="Режим доступа: \url{https://docs.python.org/3/library/time.html#functions} (дата обращения: 18.10.2021)"
}

@misc{linux,
	title="Ubuntu 20.04 LTS (Focal Fossa) Beta [Электронный ресурс]",
	howpublished="Режим доступа: \url{http://old-releases.ubuntu.com/releases/20.04.1/} (дата обращения: 18.10.2021)"
}

@misc{amd,
	title="Мобильный процессор AMD Ryzen™ 3 3200U с графикой Radeon™ Vega 3 [Электронный ресурс]",
	howpublished="Режим доступа: \url{https://www.amd.com/ru/products/apu/amd-ryzen-3-3200u} (дата обращения: 18.10.2021)"
}

