@misc{idea,
	title="Параллельная обработка данных [Электронный ресурс]",
	howpublished="Режим доступа: \url{https://parallel.ru/vvv/lec1.html} (дата обращения: 25.11.2021)"
}

@misc{str,
	title="Работа со строками в С [Электронный ресурс]",
	howpublished="Режим доступа: \url{https://foxford.ru/wiki/informatika/rabota-so-strokami-v-s} (дата обращения: 25.11.2021)"
}

@misc{c++,
	title="Документация по языку C++ [Электронный ресурс]",
	howpublished="Режим доступа: \url{https://docs.microsoft.com/ru-ru/cpp/cpp/?view=msvc-170} (дата обращения: 8.11.2021)"
}

@misc{python,
	title="Welcome to Python [Электронный ресурс]",
	howpublished="Режим доступа: \url{https://www.python.org} (дата обращения: 8.11.2021)"
}

@misc{time,
	title="Date and time utilities [Электронный ресурс]",
	howpublished="Режим доступа: \url{https://en.cppreference.com/w/cpp/chrono} (дата обращения: 8.11.2021)"
}

@misc{linux,
	title="Ubuntu 20.04 LTS (Focal Fossa) Beta [Электронный ресурс]",
	howpublished="Режим доступа: \url{http://old-releases.ubuntu.com/releases/20.04.1/} (дата обращения: 8.11.2021)"
}

@misc{amd,
	title="Мобильный процессор AMD Ryzen™ 3 3200U с графикой Radeon™ Vega 3 [Электронный ресурс]",
	howpublished="Режим доступа: \url{https://www.amd.com/ru/products/apu/amd-ryzen-3-3200u} (дата обращения: 8.11.2021)"
}

