@misc{dict,
	title="Словари [Электронный ресурс]",
	howpublished="Режим доступа: \url{https://informatics.msk.ru/mod/book/view.php?id=6694} (дата обращения: 10.12.2021)"
}

@misc{search-full,
	title="Полный перебор [Электронный ресурс]",
	howpublished="Режим доступа: \url{http://skud-perm.ru/posts/polnyj-perebor} (дата обращения: 10.12.2021)"
}


@misc{search-bin,
	title="Бинарный поиск [Электронный ресурс]",
	howpublished="Режим доступа: \url{https://prog-cpp.ru/search-binary/} (дата обращения: 10.12.2021)"
}


@misc{search-segments,
		title="Нильсон Н. Искусственный интеллект. Методы поиска решений.",
		year=1973
}

@misc{python,
	title="Welcome to Python [Электронный ресурс]",
	howpublished="Режим доступа: \url{https://www.python.org} (дата обращения: 10.12.2021)"
}

@misc{python-time,
	title="time — Time access and conversions [Электронный ресурс]",
	howpublished="Режим доступа: \url{https://docs.python.org/3/library/time.html#functions} (дата обращения: 10.12.2021)"
}

@misc{linux,
	title="Ubuntu 20.04 LTS (Focal Fossa) Beta [Электронный ресурс]",
	howpublished="Режим доступа: \url{http://old-releases.ubuntu.com/releases/20.04.1/} (дата обращения: 10.12.2021)"
}

@misc{amd,
	title="Мобильный процессор AMD Ryzen™ 3 3200U с графикой Radeon™ Vega 3 [Электронный ресурс]",
	howpublished="Режим доступа: \url{https://www.amd.com/ru/products/apu/amd-ryzen-3-3200u} (дата обращения: 10.12.2021)"
}

